@InProceedings{Rozier+2024,
    author    = "Rozier, Kristin Yvonne and Dureja, Rohit and Irfan,
                  Ahmed and Johannsen, Chris and Nukala, Karthik and
                  Shankar, Natarajan and Tinelli, Cesare and Vardi,
                  Moshe Y.",
    editor    = "Neele, Thomas and Wijs, Anton",
    title     = "MoXI: An Intermediate Language forÂ Symbolic Model
                  Checking",
    booktitle = "Model Checking Software",
    year      = "2024",
    publisher = "Springer Nature Switzerland",
    address   = "Cham",
    pages     = "26--46",
}

@article{LomuscioQR17,
    author    = {Alessio Lomuscio and Hongyang Qu and Franco Raimondi},
    title     = {{MCMAS:} an open-source model checker for the
                  verification of multi-agent systems},
    journal   = {Int. J. Softw. Tools Technol. Transf.},
    volume    = {19},
    number    = {1},
    pages     = {9--30},
    year      = {2017},
    doi	      = {10.1007/S10009-015-0378-X},
}

@InProceedings{Simko+13,
    author    = "Simko, Gabor and Lindecker, David and Levendovszky,
                  Tihamer and Neema, Sandeep and Sztipanovits, Janos",
    editor    = "Moreira, Ana and Sch{\"a}tz, Bernhard and Gray, Jeff
                  and Vallecillo, Antonio and Clarke, Peter",
    title     = "Specification of Cyber-Physical Components with
                  Formal Semantics -- Integration and Composition",
    booktitle = "Model-Driven Engineering Languages and Systems",
    year      = "2013",
    publisher = "Springer Berlin Heidelberg",
    address   = "Berlin, Heidelberg",
    pages     = "471--487",
    isbn      = "978-3-642-41533-3"
}

@article{Daggitt+24,
    author    = {Matthew L. Daggitt and Wen Kokke and Robert Atkey and
                  Natalia Slusarz and Luca Arnaboldi and Ekaterina
                  Komendantskaya},
    title     = {Vehicle: Bridging the Embedding Gap in the
                  Verification of Neuro-Symbolic Programs},
    journal   = {CoRR},
    volume    = {abs/2401.06379},
    year      = {2024},
    doi	      = {10.48550/ARXIV.2401.06379},
    eprinttype= {arXiv},
    eprint    = {2401.06379},
}